@book{earth_magnetic,
    author = {Ronald T. Merrill and Michael W. McElhinny and Phillip L. McFadden},
    title = {The magnetic field of the earth: paleomagnetism, the core, and the deep mantle},
    publisher = {Academic Press},
    year = {1996},
    isbn = {978-0-12-491246-5}
}

@book{earth_dipole,
    author = {Martin Walt},
    title = {Introduction to Geomagnetically Trapped Radiation},
    publisher = {Cambridge University Press},
    year = {1994},
    isbn = {0-521-61611-5},
    pages = {29--33}
}

@book{magnetometer_1,
    author = {Alasdair Allan},
    title = {Basic sensors in iOS},
    publisher = {O'Reilly},
    year = {2011},
    isbn = {978-1-4493-1542-9},
    pages = {57--70}
}

@misc{magnetometer_2,
    author = {Willie D. Jones},
    title = {A Compass in Every Smartphone},
    publisher = {IEEE Spectrum},
    year = {2010},
    url = {https://spectrum.ieee.org/semiconductors/devices/a-compass-in-every-smartphone}
}

@book{bayes_1,
    author = {Andrew Gelman and John B. Carlin and Hal S. Stern and David B. Dunson and Aki Vehtari and Donald B. Rubin},
    title = {Bayesian Data Analysis, Third Edition},
    publisher = {Chapman and Hall/CRC},
    year = {2013},
    isbn = {978-1-4398-4095-5}
}

@book{AppliedOptimalEstimation,
    author = {The Analytic Sciences Corporation},
    title = {Applied Optimal Estimation},
    publisher = {The MIT Press},
    year = {1974},
    isbn = {978-0-262-57048-0}
}

@article{Gordon1993,
    author = {N. J. {Gordon} and D. J. {Salmond} and A. F. M. {Smith}},
    journal = {IEE Proceedings F - Radar and Signal Processing}, 
    title = {Novel approach to nonlinear/non-Gaussian Bayesian state estimation}, 
    year = {1993},
    volume = {140},
    number = {2},
    pages = {107--113},
    doi = {10.1049/ip-f-2.1993.0015}
}

@article{Moral1996,
    author = {Pierre Del Moral},
    year = {1996},
    title = {Non Linear Filtering: Interacting Particle Solution.},
    url = {http://people.bordeaux.inria.fr/pierre.delmoral/delmoral96nonlinear.pdf},
    pages = {555--580}
}

@article{Moral2012,
    author = {Pierre Del Moral and Arnaud Doucet and Ajay Jasra},
    year = {2012},
    title = {On Adaptive Resampling Procedures for Sequential Monte Carlo Methods},
    url = {http://hal.inria.fr/docs/00/33/25/83/PDF/RR-6700.pdf},
    pages = {252--278},
    doi = {10.3150/10-bej335}
}

@article{Kuensch2013,
    author = {Hans R. Künsch},
    title = {Particle filters},
    journal = {Seminar für Statistik},
    year = {2013},
    DOI = {10.3150/12-BEJSP07}
}

@article{Doucet2011,
    author = {Arnaud Doucet and Adam M. Johansen},
    title = {A Tutorial on Particle Filtering and Smoothing: Fifteen Years Later},
    year = {2011}
}

@article{Kalman1960,
    author = {Kalman, Rudolph Emil},
    title = {A New Approach to Linear Filtering and Prediction Problems},
    journal = {Transactions of the ASME--Journal of Basic Engineering},
    volume = {82},
    number = {Series D},
    pages = {35--45},
    year = {1960}
}

@misc{resampling_image,
    title = {Object Tracking: Particle Filter with Ease},
    url = {https://www.codeproject.com/Articles/865934/Object-Tracking-Particle-Filter-with-Ease},
    urldate = {2020-10-18},
    author = {Darko Jurić}
}

@article{particle_resample,
    author = {Kaijen Hsiao and Henry de Plinval-Salgues and Jason Miller},
    title = {The particle filters and their applications},
    year = {2005},
    url = {http://web.mit.edu/16.412j/www/html/Advanced%20lectures/Slides/Hsaio_plinval_miller_ParticleFiltersPrint.pdf},
    urldate = {2019-09-30}
}

@article{parallel_resampling,
    author = {Lawrence M. Murray and Anthony Lee and Pierre E. Jacob},
    title = {Parallel Resampling in the Particle Filter},
    journal = {Journal of Computational and Graphical Statistics},
    volume = {25},
    number = {3},
    pages = {789-805},
    year  = {2016},
    publisher = {Taylor & Francis},
    doi = {10.1080/10618600.2015.1062015},
    URL = {https://doi.org/10.1080/10618600.2015.1062015}
}

@article{Ettlinger2018,
    title = {Development of a Kalman Filter in the Gauss-Helmert Model for Reliability Analysis in Orientation Determination with Smartphone Sensors},
    volume = {18},
    ISSN = {1424-8220},
    url = {http://dx.doi.org/10.3390/s18020414},
    DOI = {10.3390/s18020414},
    number = {2},
    journal = {Sensors},
    publisher = {MDPI AG},
    author = {Ettlinger, Andreas and Neuner, Hans and Burgess, Thomas},
    year = {2018},
    month = {1},
    pages = {414}
}

@misc{android_sdk_sensorevent,
    title = {Android SDK SensorEvent},
    url = {https://developer.android.com/reference/android/hardware/SensorEvent},
    urldate = {2020-10-18},
    author = {Google}
}

@misc{android_sdk_sensormanager,
    title = {Android SDK SensorManager},
    url = {https://developer.android.com/reference/android/hardware/SensorManager},
    urldate = {2020-10-18},
    author = {Google}
}

@article{hard_soft_iron,
    author = {Aleksander Sawicki and Zdenek  Slanina and Arturas Linkel},
    title = {Compensation of hard- and soft-iron distortions is magnetometer measurement data},
    volume = {10445},
    booktitle = {Photonics Applications in Astronomy, Communications, Industry, and High Energy Physics Experiments 2017},
    editor = {Ryszard S. Romaniuk and Maciej Linczuk},
    organization = {International Society for Optics and Photonics},
    publisher = {SPIE},
    pages = {1715--1723},
    keywords = {MEMS, Soft-Iron, Hard-Iron, Magnetometer},
    year = {2017},
    doi = {10.1117/12.2280794},
    URL = {https://doi.org/10.1117/12.2280794}
}

@article{madgwick,
    author = {S. O. H. {Madgwick} and A. J. L. {Harrison} and R. {Vaidyanathan}},
    booktitle = {2011 IEEE International Conference on Rehabilitation Robotics}, 
    title = {Estimation of IMU and MARG orientation using a gradient descent algorithm}, 
    publisher = {IEEE},
    year = {2011},
    volume = {},
    number = {},
    pages = {1-7},
    doi = {10.1109/ICORR.2011.5975346}
}

@book{Jekel2016,
    author = {Jekel, Charles F},
    booktitle = {Obtaining non-linear orthotropic material models for pvc-coated polyester via inverse bubble inflation},
    chapter = {Appendix A},
    organization = {Stellenbosch University},
    pages = {83--87},
    title = {Digital Image Correlation on Steel Ball},
    url = {https://hdl.handle.net/10019.1/98627},
    year = {2016}
}

@misc{compiler_explorer,
    title = "Compiler Exploerer",
    url = "https://godbolt.org/",
    urldate = "2020-11-08",
    author = "Matt Godbolt"
}
